<?xml version="1.0" encoding="UTF-8"?><collection xmlns="http://www.loc.gov/MARC21/slim"><record><leader>00443nam--2200133-i-4500</leader><controlfield tag="001">000001362</controlfield><controlfield tag="002">20161230</controlfield><controlfield tag="005">20161230201024</controlfield><controlfield tag="008">060222s1000------------r-----000-0-eng-d</controlfield><datafield ind1=" " ind2=" " tag="080"><subfield code="a">621.375.826(061.3)</subfield></datafield><datafield ind1=" " ind2=" " tag="245"><subfield code="a">Adoua conferinta nationala  realizari si perspective in domeniul laserilor in economia nationala .lectii invitate</subfield></datafield><datafield ind1=" " ind2=" " tag="260"><subfield code="a">Bucuresti, Institutul De Fizica Atomica, 1990. Iii + 499 P</subfield></datafield><datafield ind1=" " ind2=" " tag="700"><subfield code="a">Vasiliu, Virgil</subfield></datafield><datafield ind1=" " ind2=" " tag="852"><subfield code="a">79069</subfield></datafield></record></collection>